<?xml version="1.0" encoding="UTF-8"?><collection xmlns="http://www.loc.gov/MARC21/slim"><record><leader>00508nam--2200193-u-4500</leader><controlfield tag="001">000054520</controlfield><controlfield tag="002">20161230</controlfield><controlfield tag="005">20161230201051</controlfield><controlfield tag="008">120118s1000------------r-----000-0-rus-d</controlfield><datafield ind1=" " ind2=" " tag="040"><subfield code="a">IFIN-HH</subfield></datafield><datafield ind1=" " ind2=" " tag="041"><subfield code="a">rus</subfield></datafield><datafield ind1=" " ind2=" " tag="080"><subfield code="a">539.125.5.162.2</subfield></datafield><datafield ind1="1" ind2=" " tag="100"><subfield code="a">Ismaeva, S.N</subfield></datafield><datafield ind1="1" ind2="0" tag="245"><subfield code="a">Spectri medlennih neitronov</subfield><subfield code="b">Sbornik statei</subfield><subfield code="c">S.n. ismaeva, m.s. iudkevicia</subfield></datafield><datafield ind1=" " ind2=" " tag="260"><subfield code="a">Moskva</subfield><subfield code="b">Atomizdat</subfield><subfield code="c">1971</subfield></datafield><datafield ind1=" " ind2=" " tag="300"><subfield code="a">440P</subfield></datafield><datafield ind1="1" ind2=" " tag="700"><subfield code="a">Iudkevicia , M.S</subfield></datafield><datafield ind1=" " ind2=" " tag="852"><subfield code="a">752885</subfield><subfield code="c">539.12</subfield></datafield><datafield ind1=" " ind2=" " tag="CAT"><subfield code="a">Sys</subfield><subfield code="c">20120118</subfield><subfield code="h">140032</subfield></datafield></record></collection>